<record><leader>00000cas a2200000 a 4500</leader><controlfield tag="001">69672446</controlfield><controlfield tag="007">hd afb---bucu</controlfield><controlfield tag="007">hd bfb---bubu</controlfield><controlfield tag="008">060601d19201973wauwr nea     0    0eng c</controlfield><datafield ind1=" " ind2=" " tag="010"><subfield code="a">  2006252470</subfield></datafield><datafield ind1=" " ind2=" " tag="040"><subfield code="a">WAU</subfield><subfield code="b">eng</subfield><subfield code="c">WAU</subfield><subfield code="d">OCLCQ</subfield><subfield code="d">OCLCF</subfield><subfield code="d">OCLCQ</subfield></datafield><datafield ind1=" " ind2=" " tag="042"><subfield code="a">pcc</subfield></datafield><datafield ind1=" " ind2=" " tag="043"><subfield code="a">n-us-wa</subfield></datafield><datafield ind1="0" ind2="4" tag="245"><subfield code="a">The Montesano vidette.</subfield></datafield><datafield ind1=" " ind2=" " tag="260"><subfield code="a">Montesano, Wash. :</subfield><subfield code="b">Chapin Collins,</subfield><subfield code="c">[1920-1973]</subfield></datafield><datafield ind1=" " ind2=" " tag="300"><subfield code="a">volumes :</subfield><subfield code="b">illustrations ;</subfield><subfield code="c">55 cm</subfield></datafield><datafield ind1=" " ind2=" " tag="310"><subfield code="a">Weekly</subfield></datafield><datafield ind1=" " ind2=" " tag="336"><subfield code="a">text</subfield><subfield code="b">txt</subfield><subfield code="2">rdacontent</subfield></datafield><datafield ind1=" " ind2=" " tag="337"><subfield code="a">microform</subfield><subfield code="b">h</subfield><subfield code="2">rdamedia</subfield></datafield><datafield ind1=" " ind2=" " tag="338"><subfield code="a">microfilm reel</subfield><subfield code="b">hd</subfield><subfield code="2">rdacarrier</subfield></datafield><datafield ind1="0" ind2=" " tag="362"><subfield code="a">Vol. 38, no. 1 (Jan. 2, 1920)-v. 91, no. 13 (Mar. 29, 1973).</subfield></datafield><datafield ind1=" " ind2=" " tag="533"><subfield code="a">Microfilm.</subfield><subfield code="b">Seattle, Wash. :</subfield><subfield code="c">Filmed by University of Washington Library.</subfield><subfield code="e">microfilm reels ; 35 mm.</subfield><subfield code="n">Filmed with: Montesano Grays Harbor County vidette.</subfield></datafield><datafield ind1=" " ind2="0" tag="651"><subfield code="a">Montesano (Wash.)</subfield><subfield code="v">Newspapers.</subfield></datafield><datafield ind1=" " ind2="7" tag="651"><subfield code="a">Washington (State)</subfield><subfield code="z">Montesano.</subfield><subfield code="2">fast</subfield><subfield code="0">(OCoLC)fst01227411</subfield></datafield><datafield ind1=" " ind2="7" tag="655"><subfield code="a">Newspapers.</subfield><subfield code="2">fast</subfield><subfield code="0">(OCoLC)fst01423814</subfield></datafield><datafield ind1=" " ind2=" " tag="752"><subfield code="a">United States</subfield><subfield code="b">Washington</subfield><subfield code="c">Grays Harbor</subfield><subfield code="d">Montesano.</subfield></datafield><datafield ind1="1" ind2=" " tag="776"><subfield code="c">Original</subfield><subfield code="w">(DLC)sn 86071971</subfield><subfield code="w">(OCoLC)14284130</subfield></datafield><datafield ind1="0" ind2="0" tag="780"><subfield code="t">Vidette and the Washington call</subfield></datafield><datafield ind1="0" ind2="0" tag="785"><subfield code="t">Montesano Grays Harbor County vidette</subfield><subfield code="w">(DLC)  2006252471</subfield></datafield><datafield ind1="1" ind2=" " tag="029"><subfield code="a">AU@</subfield><subfield code="b">000040339929</subfield></datafield></record>